<?xml version="1.0" encoding="UTF-8"?><collection xmlns="http://www.loc.gov/MARC21/slim"><record><leader>00329nam--2200133-i-4500</leader><controlfield tag="001">000029065</controlfield><controlfield tag="002">20161230</controlfield><controlfield tag="005">20161230201037</controlfield><controlfield tag="008">060222s1000------------r-----000-0-eng-d</controlfield><datafield ind1=" " ind2=" " tag="080"><subfield code="a">801.323.2=590=20</subfield></datafield><datafield ind1=" " ind2=" " tag="100"><subfield code="a">Levitchi, Leon</subfield></datafield><datafield ind1=" " ind2=" " tag="245"><subfield code="a">Dictionar romin-englez</subfield></datafield><datafield ind1=" " ind2=" " tag="260"><subfield code="a">Bucuresti, Ed.Stiintifica, 1960, 1170p</subfield></datafield><datafield ind1=" " ind2=" " tag="852"><subfield code="a">D.194</subfield></datafield></record></collection>